% Encoding: UTF-8

@Book{Stoecker2000,
  title     = {Taschenbuch der Physik. Formeln, Tabellen, {\"U}bersichten.},
  publisher = {Deutsch (Harri)},
  year      = {2000},
  author    = {Horst St{\"o}cker},
  isbn      = {3-8171-1627-6},
  url       = {https://www.amazon.com/Taschenbuch-Physik-Formeln-Tabellen-%C3%9Cbersichten/dp/3817116276?SubscriptionId=AKIAIOBINVZYXZQZ2U3A&tag=chimbori05-20&linkCode=xm2&camp=2025&creative=165953&creativeASIN=3817116276},
}

@Article{Krauter2006,
  author  = {Ralf Krauter},
  title   = {{ Elementarteilchen entlarven Langfinger }},
  journal = {Deutschlandfunk},
  year    = {2006},
  url     = {https://www.deutschlandfunk.de/elementarteilchen-entlarven-langfinger.676.de.html?dram:article_id=23372},
}

@Article{Gelmini2010,
  author    = {Graciela B. Gelmini and Alexander Kusenko and Thomas J. Weiler},
  title     = {Through Neutrino Eyes},
  journal   = {Scientific American},
  year      = {2010},
  volume    = {302},
  number    = {5},
  pages     = {38--45},
  month     = {may},
  doi       = {10.1038/scientificamerican0510-38},
  publisher = {Springer Nature},
}

@Misc{Pauli1930,
  author = {Wolfgang Pauli},
  title  = {{Offener Brief an die Gruppe der Radioaktiven bei der Gauverein-Tagung zu T{\"u}bingen.}},
  month  = dec,
  year   = {1930},
  url    = {http://www.dokspeicher.de/120295/},
}

@Article{Horak2015,
  author    = {Johannes Horak},
  title     = {{Eine kurze Geschichte des Neutrinos}},
  journal   = {Timaios},
  year      = {2015},
  timestamp = {2018-10-14},
  url       = {https://www.timaios.org/2015/11/19/eine-kurze-geschichte-des-neutrinos/},
}

@Comment{jabref-meta: databaseType:bibtex;}
